<record xmlns='http://www.loc.gov/MARC21/slim'><leader>01491cim a22003732u 4500</leader><controlfield tag='001'>3600545</controlfield><controlfield tag='005'>20151214182623.0</controlfield><controlfield tag='007'>ss|lmnjluz|nuu</controlfield><controlfield tag='008'>991101s1988    nyunnn         l    eng d</controlfield><datafield ind1=' ' ind2=' ' tag='035'><subfield code='a'>(NIC)notisASF7610</subfield></datafield><datafield ind1=' ' ind2=' ' tag='035'><subfield code='a'>3600545</subfield></datafield><datafield ind1=' ' ind2=' ' tag='035'><subfield code='a'>(OCoLC)63896221</subfield></datafield><datafield ind1=' ' ind2=' ' tag='040'><subfield code='a'>NIC</subfield><subfield code='c'>NIC</subfield><subfield code='d'>NIC</subfield></datafield><datafield ind1='1' ind2=' ' tag='100'><subfield code='a'>Ali, Tariq.</subfield></datafield><datafield ind1='1' ind2='0' tag='245'><subfield code='a'>Reshaping British consciousness</subfield><subfield code='h'>[sound recording]</subfield></datafield><datafield ind1=' ' ind2=' ' tag='260'><subfield code='c'>1988.</subfield></datafield><datafield ind1=' ' ind2=' ' tag='300'><subfield code='a'>1 sound cassette (21 min.) :</subfield><subfield code='b'>analog, mono.</subfield></datafield><datafield ind1=' ' ind2=' ' tag='500'><subfield code='a'>Recorded in Ithaca, NY by Cornell University.</subfield></datafield><datafield ind1=' ' ind2=' ' tag='500'><subfield code='a'>Accompanied by: Notes.</subfield></datafield><datafield ind1=' ' ind2=' ' tag='500'><subfield code='a'>Sponsored by: Western Societies Program,Cornell Cinema,Council on the Creative and Performing Arts,Society for the Humanities,Arts College Dean&apos;s Fund,Near Eastern Studies, Department of.</subfield></datafield><datafield ind1=' ' ind2=' ' tag='500'><subfield code='a'>Speaker(s): Ali is a director with Banden (film) Productions.</subfield></datafield><datafield ind1=' ' ind2=' ' tag='518'><subfield code='a'>Lecture, February 28, 1988.</subfield></datafield><datafield ind1=' ' ind2=' ' tag='520'><subfield code='a'>Ali discusses changes in British intellectual life since the decline of the British Empire.</subfield></datafield><datafield ind1=' ' ind2='0' tag='651'><subfield code='a'>Europe</subfield><subfield code='x'>Ethnic relations.</subfield></datafield><datafield ind1=' ' ind2='0' tag='651'><subfield code='a'>Great Britain</subfield><subfield code='x'>Ethnic relations.</subfield></datafield><datafield ind1=' ' ind2='0' tag='650'><subfield code='a'>Minorities.</subfield></datafield><datafield ind1=' ' ind2='7' tag='650'><subfield code='a'>Ethnic relations</subfield><subfield code='2'>fast</subfield><subfield code='0'>(OCoLC)fst00916005</subfield></datafield><datafield ind1=' ' ind2='7' tag='650'><subfield code='a'>Minorities</subfield><subfield code='2'>fast</subfield><subfield code='0'>(OCoLC)fst01023088</subfield></datafield><datafield ind1=' ' ind2='7' tag='651'><subfield code='a'>Europe</subfield><subfield code='2'>fast</subfield><subfield code='0'>(OCoLC)fst01245064</subfield></datafield><datafield ind1=' ' ind2='7' tag='651'><subfield code='a'>Great Britain</subfield><subfield code='2'>fast</subfield><subfield code='0'>(OCoLC)fst01204623</subfield></datafield><datafield ind1=' ' ind2='0' tag='830'><subfield code='a'>New ethnic minorities in European culture.</subfield></datafield><datafield ind1='1' ind2=' ' tag='899'><subfield code='a'>CULectures</subfield></datafield><datafield ind1=' ' ind2=' ' tag='905'><subfield code='a'>20000112120000.0</subfield></datafield><datafield ind1='2' ind2=' ' tag='948'><subfield code='a'>20141221</subfield><subfield code='b'>m</subfield><subfield code='d'>batch</subfield><subfield code='e'>lts</subfield><subfield code='x'>addfast</subfield></datafield></record>